
% Important article! 'Callin2006'
@ARTICLE{2006astro.ph..6683C,
       author = {{Callin}, Petter},
        title = "{How to calculate the CMB spectrum}",
      journal = {arXiv e-prints},
     keywords = {Astrophysics},
         year = 2006,
        month = jun,
          eid = {astro-ph/0606683},
        pages = {astro-ph/0606683},
          doi = {10.48550/arXiv.astro-ph/0606683},
archivePrefix = {arXiv},
       eprint = {astro-ph/0606683},
 primaryClass = {astro-ph},
       adsurl = {https://ui.adsabs.harvard.edu/abs/2006astro.ph..6683C},
      adsnote = {Provided by the SAO/NASA Astrophysics Data System}
}


% Observational data ('supernovadata.txt')
@ARTICLE{2014A&A...568A..22B,
       author = {{Betoule}, M. and {Kessler}, R. and {Guy}, J. and {Mosher}, J. and {Hardin}, D. and {Biswas}, R. and {Astier}, P. and {El-Hage}, P. and {Konig}, M. and {Kuhlmann}, S. and {Marriner}, J. and {Pain}, R. and {Regnault}, N. and {Balland}, C. and {Bassett}, B.~A. and {Brown}, P.~J. and {Campbell}, H. and {Carlberg}, R.~G. and {Cellier-Holzem}, F. and {Cinabro}, D. and {Conley}, A. and {D'Andrea}, C.~B. and {DePoy}, D.~L. and {Doi}, M. and {Ellis}, R.~S. and {Fabbro}, S. and {Filippenko}, A.~V. and {Foley}, R.~J. and {Frieman}, J.~A. and {Fouchez}, D. and {Galbany}, L. and {Goobar}, A. and {Gupta}, R.~R. and {Hill}, G.~J. and {Hlozek}, R. and {Hogan}, C.~J. and {Hook}, I.~M. and {Howell}, D.~A. and {Jha}, S.~W. and {Le Guillou}, L. and {Leloudas}, G. and {Lidman}, C. and {Marshall}, J.~L. and {M{\"o}ller}, A. and {Mour{\~a}o}, A.~M. and {Neveu}, J. and {Nichol}, R. and {Olmstead}, M.~D. and {Palanque-Delabrouille}, N. and {Perlmutter}, S. and {Prieto}, J.~L. and {Pritchet}, C.~J. and {Richmond}, M. and {Riess}, A.~G. and {Ruhlmann-Kleider}, V. and {Sako}, M. and {Schahmaneche}, K. and {Schneider}, D.~P. and {Smith}, M. and {Sollerman}, J. and {Sullivan}, M. and {Walton}, N.~A. and {Wheeler}, C.~J.},
        title = "{Improved cosmological constraints from a joint analysis of the SDSS-II and SNLS supernova samples}",
      journal = {\aap},
     keywords = {cosmology: observations, distance scale, dark energy, Astrophysics - Cosmology and Nongalactic Astrophysics},
         year = 2014,
        month = aug,
       volume = {568},
          eid = {A22},
        pages = {A22},
          doi = {10.1051/0004-6361/201423413},
archivePrefix = {arXiv},
       eprint = {1401.4064},
 primaryClass = {astro-ph.CO},
       adsurl = {https://ui.adsabs.harvard.edu/abs/2014A&A...568A..22B},
      adsnote = {Provided by the SAO/NASA Astrophysics Data System}
}
